<?xml version="1.0" encoding="UTF-8"?>
<record xmlns="http://www.loc.gov/MARC21/slim" xmlns:zs="http://docs.oasis-open.org/ns/search-ws/sruResponse">
 <leader>
  08405cpcaa22012377i 4500
 </leader>
 <controlfield tag="001">
  19196068
 </controlfield>
 <controlfield tag="005">
  20230608132813.0
 </controlfield>
 <controlfield tag="007">
  st omn|m|||||e
 </controlfield>
 <controlfield tag="008">
  160728i19612015ctu                 eng
 </controlfield>
 <datafield ind1=" " ind2=" " tag="906">
  <subfield code="a">
   7
  </subfield>
  <subfield code="b">
   cbc
  </subfield>
  <subfield code="c">
   orignew
  </subfield>
  <subfield code="d">
   u
  </subfield>
  <subfield code="e">
   ncip
  </subfield>
  <subfield code="f">
   20
  </subfield>
  <subfield code="g">
   y-folklife
  </subfield>
 </datafield>
 <datafield ind1=" " ind2=" " tag="955">
  <subfield code="a">
   mkru 2016-07-28
  </subfield>
  <subfield code="a">
   mkru 2016-09-30
  </subfield>
  <subfield code="a">
   mler 2017-09-08
  </subfield>
  <subfield code="a">
   mler 2017-11-29
  </subfield>
  <subfield code="a">
   mler 2017-12-21;
  </subfield>
  <subfield code="a">
   mler 2017-12-27;
  </subfield>
  <subfield code="a">
   mler 2018-01-02;
  </subfield>
  <subfield code="a">
   mler 2018-01-04
  </subfield>
  <subfield code="a">
   mkru 2018-01-08
  </subfield>
  <subfield code="a">
   mler 2018-01-29
  </subfield>
  <subfield code="a">
   mkru 2018-02-01
  </subfield>
  <subfield code="a">
   mler 2018-02-05
  </subfield>
  <subfield code="a">
   mler 2018-02-07
  </subfield>
  <subfield code="a">
   masmit 2020-06-01
  </subfield>
  <subfield code="a">
   masmit 2020-07-26
  </subfield>
  <subfield code="a">
   masmit 2022-10-19
  </subfield>
 </datafield>
 <datafield ind1=" " ind2=" " tag="010">
  <subfield code="a">
   2016655291
  </subfield>
 </datafield>
 <datafield ind1=" " ind2=" " tag="040">
  <subfield code="a">
   DLC
  </subfield>
  <subfield code="c">
   DLC
  </subfield>
  <subfield code="e">
   dacs
  </subfield>
  <subfield code="d">
   DLC
  </subfield>
 </datafield>
 <datafield ind1=" " ind2=" " tag="043">
  <subfield code="a">
   n-us-ct
  </subfield>
  <subfield code="a">
   n-us-pa
  </subfield>
 </datafield>
 <datafield ind1=" " ind2=" " tag="090">
  <subfield code="a">
   RAA 62002-62010; RAA 62022; RXJ 1687-1726; RXJ 1878-1901; RYP 7576-7602; RYP 9365-9432; RYP 9633-9832; RGC 0775-0822
  </subfield>
 </datafield>
 <datafield ind1=" " ind2=" " tag="090">
  <subfield code="a">
   VAS 4967-4969
  </subfield>
 </datafield>
 <datafield ind1=" " ind2=" " tag="090">
  <subfield code="a">
   AFC 2016/002
  </subfield>
 </datafield>
 <datafield ind1="0" ind2="0" tag="245">
  <subfield code="a">
   Indian Neck Folk Festival collection
  </subfield>
  <subfield code="h">
   [sound recording].
  </subfield>
 </datafield>
 <datafield ind1=" " ind2=" " tag="260">
  <subfield code="c">
   1961-2015.
  </subfield>
 </datafield>
 <datafield ind1=" " ind2=" " tag="300">
  <subfield code="a">
   6986
  </subfield>
  <subfield code="f">
   items ;
  </subfield>
  <subfield code="a">
   7
  </subfield>
  <subfield code="f">
   containers ;
  </subfield>
  <subfield code="a">
   4.5
  </subfield>
  <subfield code="f">
   linear feet.
  </subfield>
 </datafield>
 <datafield ind1=" " ind2=" " tag="300">
  <subfield code="a">
   48 sound cassettes (DAT) :
  </subfield>
  <subfield code="b">
   digital.
  </subfield>
 </datafield>
 <datafield ind1=" " ind2=" " tag="300">
  <subfield code="a">
   284 sound cassettes :
  </subfield>
  <subfield code="b">
   analog.
  </subfield>
 </datafield>
 <datafield ind1=" " ind2=" " tag="300">
  <subfield code="a">
   65 sound tape reels :
  </subfield>
  <subfield code="b">
   analog ;
  </subfield>
  <subfield code="c">
   7 in.
  </subfield>
 </datafield>
 <datafield ind1=" " ind2=" " tag="300">
  <subfield code="a">
   10 sound tape reels :
  </subfield>
  <subfield code="b">
   analog ;
  </subfield>
  <subfield code="c">
   10 in.
  </subfield>
 </datafield>
 <datafield ind1=" " ind2=" " tag="300">
  <subfield code="a">
   44 sound discs (CD-R) :
  </subfield>
  <subfield code="b">
   digital ;
  </subfield>
  <subfield code="c">
   4 3/4 in.
  </subfield>
 </datafield>
 <datafield ind1=" " ind2=" " tag="300">
  <subfield code="3">
   sound recordings
  </subfield>
  <subfield code="a">
   249 sound files :
  </subfield>
  <subfield code="b">
   digital, WAV files.
  </subfield>
 </datafield>
 <datafield ind1=" " ind2=" " tag="300">
  <subfield code="a">
   3 videocassettes (VHS) :
  </subfield>
  <subfield code="b">
   sound, color ;
  </subfield>
  <subfield code="c">
   1/2 in.
  </subfield>
 </datafield>
 <datafield ind1=" " ind2=" " tag="300">
  <subfield code="a">
   3 video discs (DVD) :
  </subfield>
  <subfield code="b">
   digital, sound, color ;
  </subfield>
  <subfield code="c">
   4 3/4 in.
  </subfield>
 </datafield>
 <datafield ind1=" " ind2=" " tag="300">
  <subfield code="3">
   moving images
  </subfield>
  <subfield code="a">
   152 video files (MOV and MP4) :
  </subfield>
  <subfield code="b">
   digital.
  </subfield>
 </datafield>
 <datafield ind1=" " ind2=" " tag="300">
  <subfield code="3">
   graphic images
  </subfield>
  <subfield code="a">
   4453 photographs :
  </subfield>
  <subfield code="b">
   digital, JPEG files, color.
  </subfield>
 </datafield>
 <datafield ind1=" " ind2=" " tag="300">
  <subfield code="3">
   graphic images
  </subfield>
  <subfield code="a">
   54 photographs :
  </subfield>
  <subfield code="b">
   film negatives, black-and-white and color ;
  </subfield>
  <subfield code="c">
   35 mm
  </subfield>
 </datafield>
 <datafield ind1=" " ind2=" " tag="300">
  <subfield code="3">
   graphic images
  </subfield>
  <subfield code="a">
   654 photographs :
  </subfield>
  <subfield code="b">
   photographic prints ;
  </subfield>
  <subfield code="c">
   8 x 11 in. and smaller.
  </subfield>
 </datafield>
 <datafield ind1=" " ind2=" " tag="300">
  <subfield code="3">
   manuscripts
  </subfield>
  <subfield code="a">
   50 items (PDF, DOC) :
  </subfield>
  <subfield code="b">
   text files.
  </subfield>
 </datafield>
 <datafield ind1=" " ind2=" " tag="300">
  <subfield code="3">
   manuscripts
  </subfield>
  <subfield code="a">
   1050 items.
  </subfield>
 </datafield>
 <datafield ind1="0" ind2=" " tag="511">
  <subfield code="a">
   The Indian Neck Folk Festival and concerts featured various performers, including Bob Dylan, Dave van Ronk, Rev. Gary Davis, John Hammond, Big Joe Williams, Ian and Sylvia, Gordon Bok, Sara Grey, Kenneth S. Goldstein, Debby McClatchy, Helen Schneyer, Del McCoury and the Dixie Pals, Mike Seeger, Tony Trischka and Skyline, the Paton family, Mick Moloney and Eugene O'Donnell, Ed Trickett, Ann Mayo Muir, Stan Rogers, Utah Phillips, Sparky Rucker, John McCutcheon, Grey Larsen, Michael Cooney, Bill Staines, Joe Hickerson and Kathy Hickerson, Alistair Anderson, Kinvara, John Jackson, Sally Rogers and Howie Bursen, Barbara Carns, Philippe Bruneau, Lucy Simpson, Margaret MacArthur, Lani Herrmann, Pricilla Herdman, Jon Wilcox, Linda Goss, Elizabeth LaPrelle, Ken Perlman, Jackie Washington, the Greenbriar Boys, and many others.
  </subfield>
 </datafield>
 <datafield ind1=" " ind2=" " tag="518">
  <subfield code="a">
   Recorded at various festivals including the Pennsylvania Folk Festival, Harrisburg, Pennsylvania concert series, at Yale University, New Haven; at Falls Village, Connecticut, and other locations.
  </subfield>
 </datafield>
 <datafield ind1=" " ind2=" " tag="520">
  <subfield code="a">
   Collection of audio recordings of folk festival concerts, workshops, and informal events, produced at various locations in Connecticut and Pennsylvania by the Indian Neck Folk Festival from about 1961-2015. The collection also includes papers, photographs, videocassettes, posters, and digital files.
  </subfield>
 </datafield>
 <datafield ind1="8" ind2=" " tag="524">
  <subfield code="a">
   Indian Neck Folk Festival collection (AFC 2016/002), Archive of Folk Culture, American Folklife Center, Library of Congress, Washington, D.C.
  </subfield>
 </datafield>
 <datafield ind1="0" ind2=" " tag="506">
  <subfield code="a">
   Collection is open for research. To request materials, please contact the Folklife Reading Room at
  </subfield>
  <subfield code="u">
   http://hdl.loc.gov/loc.afc/folklife.contact
  </subfield>
 </datafield>
 <datafield ind1=" " ind2=" " tag="540">
  <subfield code="a">
   Duplication of sound recordings may be governed by copyright and other restrictions.
  </subfield>
 </datafield>
 <datafield ind1=" " ind2=" " tag="541">
  <subfield code="a">
   Indian Neck Folk Festival;
  </subfield>
  <subfield code="d">
   2016.
  </subfield>
 </datafield>
 <datafield ind1="1" ind2=" " tag="544">
  <subfield code="d">
   Christopher Moore collection of Indian Neck Folk Festival and other recordings (AFC 2016/055)
  </subfield>
 </datafield>
 <datafield ind1=" " ind2=" " tag="545">
  <subfield code="a">
   The Indian Neck Folk Festival was founded by student members of the Yale University Folk Music Club, including musician John Cohen, and others. The festival was held in 1958, 1960, 1961, 1963, 1965, 1966, and then was held annually on a weekend in May. The group raised money for the festival by hosting a series of public folk music concerts on the Yale Univeristy campus and other locations. In 1970 the non-profit organization cut its ties with Yale, and moved the festival to a camp facility on Indian Neck Point in Branford, Connecticut. Jay Hartman-Berrier was the Indian Neck Folk Festival director for 51 years until her death in March 2017. In the early 1980s Jay Hartman-Berrier started a folk music concert series at Harrisburg Area Community College under the Indian Neck name, which ran for 5 years and then was taken over by the Susquehanna Folk Music Society. Because of her expertise and reputation, in 1983 she was approached by a group of five small colleges in Central Pennsylvania to organize the Pennsylvania Folk Festival, which ran for three years, showcasing Pennsylvania folk traditions, musicians and groups. The Indian Neck Folk Festival continued to be held during this time, by invitation only, in Falls Village, Connecticut. Since Hartman-Berrier's passing, the festival continues on with a different name.
  </subfield>
 </datafield>
 <datafield ind1=" " ind2=" " tag="546">
  <subfield code="a">
   In English, a few songs in Spanish and other languages.
  </subfield>
 </datafield>
 <datafield ind1="0" ind2=" " tag="555">
  <subfield code="a">
   Finding aid  is available in the Folklife Reading Room, Library of Congress and online
  </subfield>
  <subfield code="u">
   http://hdl.loc.gov/loc.afc/eadafc.af018001
  </subfield>
 </datafield>
 <datafield ind1="1" ind2="0" tag="600">
  <subfield code="a">
   Cohen, John,
  </subfield>
  <subfield code="d">
   1932-2019.
  </subfield>
 </datafield>
 <datafield ind1="2" ind2="0" tag="611">
  <subfield code="a">
   Indian Neck Folk Festival.
  </subfield>
 </datafield>
 <datafield ind1=" " ind2="0" tag="650">
  <subfield code="a">
   Popular music
  </subfield>
  <subfield code="y">
   1961-1970.
  </subfield>
 </datafield>
 <datafield ind1=" " ind2="0" tag="650">
  <subfield code="a">
   Popular music
  </subfield>
  <subfield code="y">
   1971-1980.
  </subfield>
 </datafield>
 <datafield ind1=" " ind2="0" tag="650">
  <subfield code="a">
   Popular music
  </subfield>
  <subfield code="y">
   1981-1990.
  </subfield>
 </datafield>
 <datafield ind1=" " ind2="0" tag="650">
  <subfield code="a">
   Popular music
  </subfield>
  <subfield code="y">
   1991-2000.
  </subfield>
 </datafield>
 <datafield ind1=" " ind2="0" tag="650">
  <subfield code="a">
   Popular music
  </subfield>
  <subfield code="y">
   2001-2010.
  </subfield>
 </datafield>
 <datafield ind1=" " ind2="0" tag="650">
  <subfield code="a">
   Folk music
  </subfield>
  <subfield code="z">
   Pennsylvania.
  </subfield>
 </datafield>
 <datafield ind1=" " ind2="0" tag="650">
  <subfield code="a">
   Folk music
  </subfield>
  <subfield code="z">
   Connecticut.
  </subfield>
 </datafield>
 <datafield ind1=" " ind2="0" tag="650">
  <subfield code="a">
   Folk festivals
  </subfield>
  <subfield code="z">
   United States.
  </subfield>
 </datafield>
 <datafield ind1=" " ind2="0" tag="650">
  <subfield code="a">
   Folk music festivals
  </subfield>
  <subfield code="z">
   Pennsylvania.
  </subfield>
 </datafield>
 <datafield ind1=" " ind2="0" tag="650">
  <subfield code="a">
   Folk music festivals
  </subfield>
  <subfield code="z">
   Connecticut.
  </subfield>
 </datafield>
 <datafield ind1=" " ind2="0" tag="650">
  <subfield code="a">
   Folk festivals
  </subfield>
  <subfield code="z">
   Pennsylvania.
  </subfield>
 </datafield>
 <datafield ind1=" " ind2="0" tag="650">
  <subfield code="a">
   Folk festivals
  </subfield>
  <subfield code="z">
   Connecticut.
  </subfield>
 </datafield>
 <datafield ind1=" " ind2="0" tag="650">
  <subfield code="a">
   Folk songs, English.
  </subfield>
 </datafield>
 <datafield ind1=" " ind2="0" tag="651">
  <subfield code="a">
   Harrisburg (Pa.)
  </subfield>
 </datafield>
 <datafield ind1=" " ind2="0" tag="651">
  <subfield code="a">
   Falls Village (Conn.)
  </subfield>
 </datafield>
 <datafield ind1=" " ind2="0" tag="651">
  <subfield code="a">
   New Haven (Conn.)
  </subfield>
 </datafield>
 <datafield ind1=" " ind2="7" tag="655">
  <subfield code="a">
   Sound recordings.
  </subfield>
  <subfield code="2">
   lcgft
  </subfield>
 </datafield>
 <datafield ind1=" " ind2="7" tag="655">
  <subfield code="a">
   Photographs.
  </subfield>
  <subfield code="2">
   gmgpc
  </subfield>
 </datafield>
 <datafield ind1=" " ind2="7" tag="655">
  <subfield code="a">
   Manuscripts.
  </subfield>
  <subfield code="2">
   aat
  </subfield>
 </datafield>
 <datafield ind1="1" ind2=" " tag="700">
  <subfield code="a">
   Hartman-Berrier, Jay,
  </subfield>
  <subfield code="e">
   director.
  </subfield>
 </datafield>
 <datafield ind1="1" ind2=" " tag="700">
  <subfield code="a">
   Beers, Bob,
  </subfield>
  <subfield code="d">
   1920-1972,
  </subfield>
  <subfield code="e">
   performer.
  </subfield>
 </datafield>
 <datafield ind1="1" ind2=" " tag="700">
  <subfield code="a">
   Beers, Evelyne,
  </subfield>
  <subfield code="e">
   performer.
  </subfield>
 </datafield>
 <datafield ind1="1" ind2=" " tag="700">
  <subfield code="a">
   Berkeley, Roy,
  </subfield>
  <subfield code="d">
   1935-2009,
  </subfield>
  <subfield code="e">
   performer.
  </subfield>
 </datafield>
 <datafield ind1="1" ind2=" " tag="700">
  <subfield code="a">
   Blaustein, Richard,
  </subfield>
  <subfield code="e">
   performer.
  </subfield>
 </datafield>
 <datafield ind1="1" ind2=" " tag="700">
  <subfield code="a">
   Bok, Gordon,
  </subfield>
  <subfield code="e">
   performer.
  </subfield>
 </datafield>
 <datafield ind1="1" ind2=" " tag="700">
  <subfield code="a">
   Broudy, Saul,
  </subfield>
  <subfield code="e">
   performer.
  </subfield>
 </datafield>
 <datafield ind1="1" ind2=" " tag="700">
  <subfield code="a">
   Dylan, Bob,
  </subfield>
  <subfield code="d">
   1941-
  </subfield>
  <subfield code="e">
   performer.
  </subfield>
 </datafield>
 <datafield ind1="1" ind2=" " tag="700">
  <subfield code="a">
   Davis, Gary,
  </subfield>
  <subfield code="d">
   1896-1972
  </subfield>
  <subfield code="e">
   performer.
  </subfield>
 </datafield>
 <datafield ind1="1" ind2=" " tag="700">
  <subfield code="a">
   Eberhart, Jon,
  </subfield>
  <subfield code="e">
   performer.
  </subfield>
 </datafield>
 <datafield ind1="1" ind2=" " tag="700">
  <subfield code="a">
   Goss, Linda,
  </subfield>
  <subfield code="e">
   performer.
  </subfield>
 </datafield>
 <datafield ind1="1" ind2=" " tag="700">
  <subfield code="a">
   Haslam, Cliff,
  </subfield>
  <subfield code="e">
   performer.
  </subfield>
 </datafield>
 <datafield ind1="1" ind2=" " tag="700">
  <subfield code="a">
   Hickerson, Joseph C.
  </subfield>
  <subfield code="q">
   (Joseph Charles),
  </subfield>
  <subfield code="d">
   1935-
  </subfield>
  <subfield code="e">
   performer.
  </subfield>
 </datafield>
 <datafield ind1="1" ind2=" " tag="700">
  <subfield code="a">
   Hickerson, Kathryn W.,
  </subfield>
  <subfield code="e">
   performer.
  </subfield>
 </datafield>
 <datafield ind1="2" ind2=" " tag="710">
  <subfield code="a">
   Ian &amp; Sylvia,
  </subfield>
  <subfield code="e">
   performer.
  </subfield>
 </datafield>
 <datafield ind1="1" ind2=" " tag="700">
  <subfield code="a">
   Jackson, John,
  </subfield>
  <subfield code="d">
   1924-2002,
  </subfield>
  <subfield code="e">
   performer.
  </subfield>
 </datafield>
 <datafield ind1="1" ind2=" " tag="700">
  <subfield code="a">
   MacArthur, Margaret,
  </subfield>
  <subfield code="d">
   1928-2006,
  </subfield>
  <subfield code="e">
   performer.
  </subfield>
 </datafield>
 <datafield ind1="1" ind2=" " tag="700">
  <subfield code="a">
   McClatchy, Debby,
  </subfield>
  <subfield code="e">
   performer.
  </subfield>
 </datafield>
 <datafield ind1="1" ind2=" " tag="700">
  <subfield code="a">
   McCoury, Del,
  </subfield>
  <subfield code="d">
   1939-
  </subfield>
  <subfield code="e">
   performer.
  </subfield>
 </datafield>
 <datafield ind1="1" ind2=" " tag="700">
  <subfield code="a">
   McCutcheon, John,
  </subfield>
  <subfield code="d">
   1952-
  </subfield>
  <subfield code="e">
   performer.
  </subfield>
 </datafield>
 <datafield ind1="1" ind2=" " tag="700">
  <subfield code="a">
   Moloney, Mick,
  </subfield>
  <subfield code="d">
   1944-2022,
  </subfield>
  <subfield code="e">
   performer.
  </subfield>
 </datafield>
 <datafield ind1="1" ind2=" " tag="700">
  <subfield code="a">
   O'Donnell, Eugene,
  </subfield>
  <subfield code="d">
   1932-
  </subfield>
  <subfield code="e">
   performer.
  </subfield>
 </datafield>
 <datafield ind1="1" ind2=" " tag="700">
  <subfield code="a">
   Paley, Tom,
  </subfield>
  <subfield code="e">
   performer.
  </subfield>
 </datafield>
 <datafield ind1="1" ind2=" " tag="700">
  <subfield code="a">
   Peirce, Maggi Kerr,
  </subfield>
  <subfield code="d">
   1931-
  </subfield>
  <subfield code="e">
   performer.
  </subfield>
 </datafield>
 <datafield ind1="1" ind2=" " tag="700">
  <subfield code="a">
   Rosenbaum, Art,
  </subfield>
  <subfield code="e">
   performer.
  </subfield>
 </datafield>
 <datafield ind1="1" ind2=" " tag="700">
  <subfield code="a">
   Seeger, Mike,
  </subfield>
  <subfield code="d">
   1933-2009
  </subfield>
  <subfield code="e">
   performer.
  </subfield>
 </datafield>
 <datafield ind1="1" ind2=" " tag="700">
  <subfield code="a">
   Schneyer, Helen,
  </subfield>
  <subfield code="e">
   performer.
  </subfield>
 </datafield>
 <datafield ind1="1" ind2=" " tag="700">
  <subfield code="a">
   Staines, Bill,
  </subfield>
  <subfield code="e">
   performer.
  </subfield>
 </datafield>
 <datafield ind1="1" ind2=" " tag="700">
  <subfield code="a">
   Tuft, Harry M.,
  </subfield>
  <subfield code="e">
   performer.
  </subfield>
 </datafield>
 <datafield ind1="1" ind2=" " tag="700">
  <subfield code="a">
   Van Ronk, Dave,
  </subfield>
  <subfield code="e">
   performer.
  </subfield>
 </datafield>
 <datafield ind1="1" ind2=" " tag="700">
  <subfield code="a">
   Wallace, Andy,
  </subfield>
  <subfield code="e">
   performer.
  </subfield>
 </datafield>
 <datafield ind1="2" ind2=" " tag="711">
  <subfield code="a">
   Indian Neck Folk Festival,
  </subfield>
  <subfield code="j">
   collector.
  </subfield>
 </datafield>
 <datafield ind1="2" ind2=" " tag="711">
  <subfield code="a">
   Pennsylvania Folk Festival
  </subfield>
  <subfield code="d">
   (1981-1985 :
  </subfield>
  <subfield code="c">
   Chambersburg, Pa.)
  </subfield>
 </datafield>
 <datafield ind1=" " ind2=" " tag="751">
  <subfield code="a">
   Harrisburg (Pa.),
  </subfield>
  <subfield code="e">
   event place.
  </subfield>
 </datafield>
 <datafield ind1=" " ind2=" " tag="751">
  <subfield code="a">
   Falls Village (Conn.),
  </subfield>
  <subfield code="e">
   event place.
  </subfield>
 </datafield>
 <datafield ind1=" " ind2=" " tag="751">
  <subfield code="a">
   New Haven (Conn.),
  </subfield>
  <subfield code="e">
   event place.
  </subfield>
 </datafield>
 <datafield ind1=" " ind2=" " tag="852">
  <subfield code="a">
   Library of Congress
  </subfield>
  <subfield code="b">
   Archive of Folk Culture, American Folklife Center,
  </subfield>
  <subfield code="e">
   101 Independence Ave. S.E., Washington, DC USA 20540-4610
  </subfield>
  <subfield code="u">
   http://hdl.loc.gov/loc.afc/folklife.home
  </subfield>
 </datafield>
 <datafield ind1="4" ind2="2" tag="856">
  <subfield code="3">
   Finding aid
  </subfield>
  <subfield code="u">
   http://hdl.loc.gov/loc.afc/eadafc.af018001
  </subfield>
 </datafield>
 <datafield ind1=" " ind2=" " tag="985">
  <subfield code="a">
   afc/ead
  </subfield>
 </datafield>
 <datafield ind1=" " ind2=" " tag="985">
  <subfield code="a">
   afc/coll
  </subfield>
 </datafield>
</record>
